[
  {
    "salesId": 1,
    "region": "Middle East and North Africa",
    "country": "Azerbaijan",
    "itemType": "Snacks",
    "salesChannel": "Online",
    "orderPriority": "C",
    "orderDate": "10-08-2014",
    "orderId": "535113847",
    "shipDate": "10/23/2014",
    "unitSold": null,
    "unitPrice": "152.58",
    "unitCost": "97.44",
    "totalRevenue": "142509.72",
    "totalCost": "91008.96",
    "totalProfit": "51500.76"
  },
  {
    "salesId": 5626,
    "region": "Sub-Saharan Africa",
    "country": "Republic of the Congo",
    "itemType": "Snacks",
    "salesChannel": "Online",
    "orderPriority": "H",
    "orderDate": "11-03-2012",
    "orderId": "778355014",
    "shipDate": "11/27/2012",
    "unitSold": null,
    "unitPrice": "152.58",
    "unitCost": "97.44",
    "totalRevenue": "213612",
    "totalCost": "136416",
    "totalProfit": "77196"
  },
  {
    "salesId": 5627,
    "region": "Europe",
    "country": "Cyprus",
    "itemType": "Fruits",
    "salesChannel": "Online",
    "orderPriority": "C",
    "orderDate": "01-07-2017",
    "orderId": "338208806",
    "shipDate": "2/24/2017",
    "unitSold": null,
    "unitPrice": "9.33",
    "unitCost": "6.92",
    "totalRevenue": "21981.48",
    "totalCost": "16303.52",
    "totalProfit": "5677.96"
  },
  {
    "salesId": 5628,
    "region": "Asia",
    "country": "Japan",
    "itemType": "Beverages",
    "salesChannel": "Online",
    "orderPriority": "H",
    "orderDate": "08-03-2013",
    "orderId": "150267493",
    "shipDate": "09-11-2013",
    "unitSold": null,
    "unitPrice": "47.45",
    "unitCost": "31.79",
    "totalRevenue": "301070.25",
    "totalCost": "201707.55",
    "totalProfit": "99362.7"
  },
  {
    "salesId": 5629,
    "region": "Sub-Saharan Africa",
    "country": "Burkina Faso",
    "itemType": "Snacks",
    "salesChannel": "Offline",
    "orderPriority": "L",
    "orderDate": "5/18/2015",
    "orderId": "591142404",
    "shipDate": "5/29/2015",
    "unitSold": null,
    "unitPrice": "152.58",
    "unitCost": "97.44",
    "totalRevenue": "157004.82",
    "totalCost": "100265.76",
    "totalProfit": "56739.06"
  },
  {
    "salesId": 5630,
    "region": "Europe",
    "country": "Monaco",
    "itemType": "Baby Food",
    "salesChannel": "Offline",
    "orderPriority": "H",
    "orderDate": "05-04-2017",
    "orderId": "307757365",
    "shipDate": "5/17/2017",
    "unitSold": null,
    "unitPrice": "255.28",
    "unitCost": "159.42",
    "totalRevenue": "280297.44",
    "totalCost": "175043.16",
    "totalProfit": "105254.28"
  },
  {
    "salesId": 5631,
    "region": "Europe",
    "country": "Liechtenstein",
    "itemType": "Office Supplies",
    "salesChannel": "Offline",
    "orderPriority": "C",
    "orderDate": "07-05-2015",
    "orderId": "267348706",
    "shipDate": "7/16/2015",
    "unitSold": null,
    "unitPrice": "651.21",
    "unitCost": "524.96",
    "totalRevenue": "2134666.38",
    "totalCost": "1720818.88",
    "totalProfit": "413847.5"
  },
  {
    "salesId": 5632,
    "region": "Asia",
    "country": "Kyrgyzstan",
    "itemType": "Snacks",
    "salesChannel": "Offline",
    "orderPriority": "M",
    "orderDate": "10-03-2010",
    "orderId": "607465255",
    "shipDate": "10-08-2010",
    "unitSold": null,
    "unitPrice": "152.58",
    "unitCost": "97.44",
    "totalRevenue": "201863.34",
    "totalCost": "128913.12",
    "totalProfit": "72950.22"
  },
  {
    "salesId": 5633,
    "region": "Sub-Saharan Africa",
    "country": "Madagascar",
    "itemType": "Baby Food",
    "salesChannel": "Offline",
    "orderPriority": "C",
    "orderDate": "08-04-2012",
    "orderId": "185968339",
    "shipDate": "8/15/2012",
    "unitSold": null,
    "unitPrice": "255.28",
    "unitCost": "159.42",
    "totalRevenue": "260130.32",
    "totalCost": "162448.98",
    "totalProfit": "97681.34"
  },
  {
    "salesId": 5634,
    "region": "Europe",
    "country": "Germany",
    "itemType": "Personal Care",
    "salesChannel": "Offline",
    "orderPriority": "M",
    "orderDate": "09-02-2012",
    "orderId": "631031787",
    "shipDate": "10-05-2012",
    "unitSold": null,
    "unitPrice": "81.73",
    "unitCost": "56.67",
    "totalRevenue": "423688.32",
    "totalCost": "293777.28",
    "totalProfit": "129911.04"
  },
  {
    "salesId": 5635,
    "region": "Europe",
    "country": "Luxembourg",
    "itemType": "Cosmetics",
    "salesChannel": "Online",
    "orderPriority": "L",
    "orderDate": "04-11-2011",
    "orderId": "491141927",
    "shipDate": "5/19/2011",
    "unitSold": null,
    "unitPrice": "437.2",
    "unitCost": "263.33",
    "totalRevenue": "3788338",
    "totalCost": "2281754.45",
    "totalProfit": "1506583.55"
  },
  {
    "salesId": 5636,
    "region": "Australia and Oceania",
    "country": "Vanuatu",
    "itemType": "Vegetables",
    "salesChannel": "Online",
    "orderPriority": "C",
    "orderDate": "7/17/2013",
    "orderId": "185097587",
    "shipDate": "8/16/2013",
    "unitSold": null,
    "unitPrice": "154.06",
    "unitCost": "90.93",
    "totalRevenue": "515176.64",
    "totalCost": "304069.92",
    "totalProfit": "211106.72"
  },
  {
    "salesId": 5637,
    "region": "Asia",
    "country": "North Korea",
    "itemType": "Vegetables",
    "salesChannel": "Online",
    "orderPriority": "M",
    "orderDate": "07-10-2010",
    "orderId": "652010095",
    "shipDate": "08-08-2010",
    "unitSold": null,
    "unitPrice": "154.06",
    "unitCost": "90.93",
    "totalRevenue": "482361.86",
    "totalCost": "284701.83",
    "totalProfit": "197660.03"
  },
  {
    "salesId": 5638,
    "region": "Sub-Saharan Africa",
    "country": "Togo",
    "itemType": "Clothes",
    "salesChannel": "Offline",
    "orderPriority": "L",
    "orderDate": "04-09-2013",
    "orderId": "201303279",
    "shipDate": "5/20/2013",
    "unitSold": null,
    "unitPrice": "109.28",
    "unitCost": "35.84",
    "totalRevenue": "980023.04",
    "totalCost": "321413.12",
    "totalProfit": "658609.92"
  },
  {
    "salesId": 5639,
    "region": "Sub-Saharan Africa",
    "country": "Ghana",
    "itemType": "Household",
    "salesChannel": "Offline",
    "orderPriority": "L",
    "orderDate": "03-10-2011",
    "orderId": "362713468",
    "shipDate": "4/15/2011",
    "unitSold": null,
    "unitPrice": "668.27",
    "unitCost": "502.54",
    "totalRevenue": "2559474.1",
    "totalCost": "1924728.2",
    "totalProfit": "634745.9"
  },
  {
    "salesId": 5640,
    "region": "Middle East and North Africa",
    "country": "Syria",
    "itemType": "Office Supplies",
    "salesChannel": "Offline",
    "orderPriority": "M",
    "orderDate": "09-01-2013",
    "orderId": "936289489",
    "shipDate": "9/23/2013",
    "unitSold": null,
    "unitPrice": "651.21",
    "unitCost": "524.96",
    "totalRevenue": "5027992.41",
    "totalCost": "4053216.16",
    "totalProfit": "974776.25"
  },
  {
    "salesId": 5641,
    "region": "Sub-Saharan Africa",
    "country": "Sao Tome and Principe",
    "itemType": "Cereal",
    "salesChannel": "Offline",
    "orderPriority": "L",
    "orderDate": "01-10-2016",
    "orderId": "442392671",
    "shipDate": "02-01-2016",
    "unitSold": null,
    "unitPrice": "205.7",
    "unitCost": "117.11",
    "totalRevenue": "550658.9",
    "totalCost": "313503.47",
    "totalProfit": "237155.43"
  },
  {
    "salesId": 5642,
    "region": "Europe",
    "country": "Portugal",
    "itemType": "Household",
    "salesChannel": "Online",
    "orderPriority": "H",
    "orderDate": "11-08-2010",
    "orderId": "171696841",
    "shipDate": "12/23/2010",
    "unitSold": null,
    "unitPrice": "668.27",
    "unitCost": "502.54",
    "totalRevenue": "5189784.82",
    "totalCost": "3902725.64",
    "totalProfit": "1287059.18"
  },
  {
    "salesId": 5643,
    "region": "Sub-Saharan Africa",
    "country": "Seychelles ",
    "itemType": "Cosmetics",
    "salesChannel": "Online",
    "orderPriority": "M",
    "orderDate": "7/14/2014",
    "orderId": "135188329",
    "shipDate": "7/27/2014",
    "unitSold": null,
    "unitPrice": "437.2",
    "unitCost": "263.33",
    "totalRevenue": "1786399.2",
    "totalCost": "1075966.38",
    "totalProfit": "710432.82"
  },
  {
    "salesId": 5644,
    "region": "Middle East and North Africa",
    "country": "Oman",
    "itemType": "Meat",
    "salesChannel": "Online",
    "orderPriority": "H",
    "orderDate": "06-04-2010",
    "orderId": "414165961",
    "shipDate": "7/13/2010",
    "unitSold": null,
    "unitPrice": "421.89",
    "unitCost": "364.69",
    "totalRevenue": "4120177.74",
    "totalCost": "3561562.54",
    "totalProfit": "558615.2"
  },
  {
    "salesId": 5645,
    "region": "Central America and the Caribbean",
    "country": "El Salvador",
    "itemType": "Office Supplies",
    "salesChannel": "Offline",
    "orderPriority": "H",
    "orderDate": "3/31/2013",
    "orderId": "710241067",
    "shipDate": "5/18/2013",
    "unitSold": null,
    "unitPrice": "651.21",
    "unitCost": "524.96",
    "totalRevenue": "3236513.7",
    "totalCost": "2609051.2",
    "totalProfit": "627462.5"
  },
  {
    "salesId": 5646,
    "region": "Europe",
    "country": "Netherlands",
    "itemType": "Household",
    "salesChannel": "Online",
    "orderPriority": "H",
    "orderDate": "4/14/2012",
    "orderId": "795337474",
    "shipDate": "4/15/2012",
    "unitSold": null,
    "unitPrice": "668.27",
    "unitCost": "502.54",
    "totalRevenue": "4603043.76",
    "totalCost": "3461495.52",
    "totalProfit": "1141548.24"
  },
  {
    "salesId": 5647,
    "region": "Asia",
    "country": "Sri Lanka",
    "itemType": "Snacks",
    "salesChannel": "Online",
    "orderPriority": "C",
    "orderDate": "01-10-2013",
    "orderId": "961691510",
    "shipDate": "02-06-2013",
    "unitSold": null,
    "unitPrice": "152.58",
    "unitCost": "97.44",
    "totalRevenue": "723839.52",
    "totalCost": "462255.36",
    "totalProfit": "261584.16"
  },
  {
    "salesId": 5648,
    "region": "Europe",
    "country": "Cyprus",
    "itemType": "Household",
    "salesChannel": "Offline",
    "orderPriority": "H",
    "orderDate": "09-03-2010",
    "orderId": "671852004",
    "shipDate": "10-12-2010",
    "unitSold": null,
    "unitPrice": "668.27",
    "unitCost": "502.54",
    "totalRevenue": "3203018.11",
    "totalCost": "2408674.22",
    "totalProfit": "794343.89"
  },
  {
    "salesId": 5649,
    "region": "Sub-Saharan Africa",
    "country": "Central African Republic",
    "itemType": "Meat",
    "salesChannel": "Offline",
    "orderPriority": "C",
    "orderDate": "8/16/2016",
    "orderId": "808680284",
    "shipDate": "8/30/2016",
    "unitSold": null,
    "unitPrice": "421.89",
    "unitCost": "364.69",
    "totalRevenue": "2244876.69",
    "totalCost": "1940515.49",
    "totalProfit": "304361.2"
  },
  {
    "salesId": 5650,
    "region": "Middle East and North Africa",
    "country": "United Arab Emirates",
    "itemType": "Beverages",
    "salesChannel": "Online",
    "orderPriority": "H",
    "orderDate": "11-08-2016",
    "orderId": "525350177",
    "shipDate": "11/28/2016",
    "unitSold": null,
    "unitPrice": "47.45",
    "unitCost": "31.79",
    "totalRevenue": "78150.15",
    "totalCost": "52358.13",
    "totalProfit": "25792.02"
  },
  {
    "salesId": 5651,
    "region": "Sub-Saharan Africa",
    "country": "Zimbabwe",
    "itemType": "Baby Food",
    "salesChannel": "Offline",
    "orderPriority": "C",
    "orderDate": "7/15/2013",
    "orderId": "395348012",
    "shipDate": "8/20/2013",
    "unitSold": null,
    "unitPrice": "255.28",
    "unitCost": "159.42",
    "totalRevenue": "285147.76",
    "totalCost": "178072.14",
    "totalProfit": "107075.62"
  },
  {
    "salesId": 5652,
    "region": "Australia and Oceania",
    "country": "Nauru",
    "itemType": "Fruits",
    "salesChannel": "Online",
    "orderPriority": "L",
    "orderDate": "9/14/2013",
    "orderId": "162472617",
    "shipDate": "10-12-2013",
    "unitSold": null,
    "unitPrice": "9.33",
    "unitCost": "6.92",
    "totalRevenue": "75694.29",
    "totalCost": "56141.96",
    "totalProfit": "19552.33"
  },
  {
    "salesId": 5653,
    "region": "Central America and the Caribbean",
    "country": "Barbados",
    "itemType": "Clothes",
    "salesChannel": "Online",
    "orderPriority": "C",
    "orderDate": "4/20/2010",
    "orderId": "990835320",
    "shipDate": "5/19/2010",
    "unitSold": null,
    "unitPrice": "109.28",
    "unitCost": "35.84",
    "totalRevenue": "988437.6",
    "totalCost": "324172.8",
    "totalProfit": "664264.8"
  },
  {
    "salesId": 5654,
    "region": "Europe",
    "country": "Cyprus",
    "itemType": "Personal Care",
    "salesChannel": "Offline",
    "orderPriority": "L",
    "orderDate": "04-11-2016",
    "orderId": "514859950",
    "shipDate": "4/18/2016",
    "unitSold": null,
    "unitPrice": "81.73",
    "unitCost": "56.67",
    "totalRevenue": "601124.15",
    "totalCost": "416807.85",
    "totalProfit": "184316.3"
  },
  {
    "salesId": 5655,
    "region": "Sub-Saharan Africa",
    "country": "Cape Verde",
    "itemType": "Clothes",
    "salesChannel": "Online",
    "orderPriority": "L",
    "orderDate": "05-08-2015",
    "orderId": "489282834",
    "shipDate": "6/24/2015",
    "unitSold": null,
    "unitPrice": "109.28",
    "unitCost": "35.84",
    "totalRevenue": "930847.04",
    "totalCost": "305285.12",
    "totalProfit": "625561.92"
  },
  {
    "salesId": 5656,
    "region": "North America",
    "country": "Canada",
    "itemType": "Office Supplies",
    "salesChannel": "Offline",
    "orderPriority": "H",
    "orderDate": "3/27/2011",
    "orderId": "939152801",
    "shipDate": "04-12-2011",
    "unitSold": null,
    "unitPrice": "651.21",
    "unitCost": "524.96",
    "totalRevenue": "3281447.19",
    "totalCost": "2645273.44",
    "totalProfit": "636173.75"
  },
  {
    "salesId": 5657,
    "region": "Central America and the Caribbean",
    "country": "El Salvador",
    "itemType": "Cosmetics",
    "salesChannel": "Online",
    "orderPriority": "C",
    "orderDate": "4/14/2016",
    "orderId": "609831178",
    "shipDate": "4/14/2016",
    "unitSold": null,
    "unitPrice": "437.2",
    "unitCost": "263.33",
    "totalRevenue": "634814.4",
    "totalCost": "382355.16",
    "totalProfit": "252459.24"
  },
  {
    "salesId": 5658,
    "region": "Asia",
    "country": "China",
    "itemType": "Baby Food",
    "salesChannel": "Offline",
    "orderPriority": "H",
    "orderDate": "06-01-2017",
    "orderId": "116991794",
    "shipDate": "6/24/2017",
    "unitSold": null,
    "unitPrice": "255.28",
    "unitCost": "159.42",
    "totalRevenue": "2380741.28",
    "totalCost": "1486750.92",
    "totalProfit": "893990.36"
  },
  {
    "salesId": 5659,
    "region": "Sub-Saharan Africa",
    "country": "Niger",
    "itemType": "Office Supplies",
    "salesChannel": "Offline",
    "orderPriority": "C",
    "orderDate": "03-08-2010",
    "orderId": "596620976",
    "shipDate": "3/26/2010",
    "unitSold": null,
    "unitPrice": "651.21",
    "unitCost": "524.96",
    "totalRevenue": "1471734.6",
    "totalCost": "1186409.6",
    "totalProfit": "285325"
  },
  {
    "salesId": 5660,
    "region": "Europe",
    "country": "Portugal",
    "itemType": "Vegetables",
    "salesChannel": "Online",
    "orderPriority": "M",
    "orderDate": "2/16/2010",
    "orderId": "555017554",
    "shipDate": "2/26/2010",
    "unitSold": null,
    "unitPrice": "154.06",
    "unitCost": "90.93",
    "totalRevenue": "136034.98",
    "totalCost": "80291.19",
    "totalProfit": "55743.79"
  },
  {
    "salesId": 5661,
    "region": "Middle East and North Africa",
    "country": "Libya",
    "itemType": "Cereal",
    "salesChannel": "Online",
    "orderPriority": "H",
    "orderDate": "2/24/2011",
    "orderId": "818792855",
    "shipDate": "04-01-2011",
    "unitSold": null,
    "unitPrice": "205.7",
    "unitCost": "117.11",
    "totalRevenue": "1615979.2",
    "totalCost": "920016.16",
    "totalProfit": "695963.04"
  },
  {
    "salesId": 5662,
    "region": "Sub-Saharan Africa",
    "country": "Guinea-Bissau",
    "itemType": "Fruits",
    "salesChannel": "Offline",
    "orderPriority": "M",
    "orderDate": "12/29/2011",
    "orderId": "484870707",
    "shipDate": "1/20/2012",
    "unitSold": null,
    "unitPrice": "9.33",
    "unitCost": "6.92",
    "totalRevenue": "26795.76",
    "totalCost": "19874.24",
    "totalProfit": "6921.52"
  },
  {
    "salesId": 5663,
    "region": "Sub-Saharan Africa",
    "country": "The Gambia",
    "itemType": "Cosmetics",
    "salesChannel": "Offline",
    "orderPriority": "H",
    "orderDate": "6/21/2012",
    "orderId": "970487439",
    "shipDate": "6/28/2012",
    "unitSold": null,
    "unitPrice": "437.2",
    "unitCost": "263.33",
    "totalRevenue": "3346328.8",
    "totalCost": "2015527.82",
    "totalProfit": "1330800.98"
  },
  {
    "salesId": 5664,
    "region": "Asia",
    "country": "Vietnam",
    "itemType": "Fruits",
    "salesChannel": "Offline",
    "orderPriority": "L",
    "orderDate": "3/31/2017",
    "orderId": "163191878",
    "shipDate": "4/17/2017",
    "unitSold": null,
    "unitPrice": "9.33",
    "unitCost": "6.92",
    "totalRevenue": "8938.14",
    "totalCost": "6629.36",
    "totalProfit": "2308.78"
  },
  {
    "salesId": 5665,
    "region": "Sub-Saharan Africa",
    "country": "Madagascar",
    "itemType": "Household",
    "salesChannel": "Offline",
    "orderPriority": "C",
    "orderDate": "11/24/2016",
    "orderId": "970845353",
    "shipDate": "01-07-2017",
    "unitSold": null,
    "unitPrice": "668.27",
    "unitCost": "502.54",
    "totalRevenue": "2385055.63",
    "totalCost": "1793565.26",
    "totalProfit": "591490.37"
  },
  {
    "salesId": 5666,
    "region": "Australia and Oceania",
    "country": "Tonga",
    "itemType": "Household",
    "salesChannel": "Online",
    "orderPriority": "C",
    "orderDate": "06-09-2014",
    "orderId": "971621692",
    "shipDate": "6/24/2014",
    "unitSold": null,
    "unitPrice": "668.27",
    "unitCost": "502.54",
    "totalRevenue": "2208632.35",
    "totalCost": "1660894.7",
    "totalProfit": "547737.65"
  },
  {
    "salesId": 5667,
    "region": "Sub-Saharan Africa",
    "country": "Sierra Leone",
    "itemType": "Cosmetics",
    "salesChannel": "Online",
    "orderPriority": "H",
    "orderDate": "12-07-2013",
    "orderId": "964007222",
    "shipDate": "12/29/2013",
    "unitSold": null,
    "unitPrice": "437.2",
    "unitCost": "263.33",
    "totalRevenue": "6120.8",
    "totalCost": "3686.62",
    "totalProfit": "2434.18"
  },
  {
    "salesId": 6362,
    "region": "Asia",
    "country": "India",
    "itemType": "Clothes",
    "salesChannel": "Offline",
    "orderPriority": "H",
    "orderDate": "07-06-2015",
    "orderId": "543563449",
    "shipDate": "8/19/2015",
    "unitSold": null,
    "unitPrice": "109.28",
    "unitCost": "35.84",
    "totalRevenue": "148511.52",
    "totalCost": "48706.56",
    "totalProfit": "99804.96"
  },
  {
    "salesId": 6363,
    "region": "Sub-Saharan Africa",
    "country": "Mauritius ",
    "itemType": "Cosmetics",
    "salesChannel": "Online",
    "orderPriority": "M",
    "orderDate": "11-04-2010",
    "orderId": "108251225",
    "shipDate": "12/16/2010",
    "unitSold": null,
    "unitPrice": "437.2",
    "unitCost": "263.33",
    "totalRevenue": "1223285.6",
    "totalCost": "736797.34",
    "totalProfit": "486488.26"
  },
  {
    "salesId": 6364,
    "region": "Sub-Saharan Africa",
    "country": "Tanzania",
    "itemType": "Office Supplies",
    "salesChannel": "Offline",
    "orderPriority": "M",
    "orderDate": "02-11-2013",
    "orderId": "136081397",
    "shipDate": "03-05-2013",
    "unitSold": null,
    "unitPrice": "651.21",
    "unitCost": "524.96",
    "totalRevenue": "5446720.44",
    "totalCost": "4390765.44",
    "totalProfit": "1055955"
  },
  {
    "salesId": 6365,
    "region": "Central America and the Caribbean",
    "country": "Antigua and Barbuda ",
    "itemType": "Beverages",
    "salesChannel": "Online",
    "orderPriority": "L",
    "orderDate": "3/25/2016",
    "orderId": "553665292",
    "shipDate": "4/17/2016",
    "unitSold": null,
    "unitPrice": "47.45",
    "unitCost": "31.79",
    "totalRevenue": "34069.1",
    "totalCost": "22825.22",
    "totalProfit": "11243.88"
  },
  {
    "salesId": 6366,
    "region": "Europe",
    "country": "Switzerland",
    "itemType": "Fruits",
    "salesChannel": "Online",
    "orderPriority": "M",
    "orderDate": "05-11-2011",
    "orderId": "457926738",
    "shipDate": "5/30/2011",
    "unitSold": null,
    "unitPrice": "9.33",
    "unitCost": "6.92",
    "totalRevenue": "89129.49",
    "totalCost": "66106.76",
    "totalProfit": "23022.73"
  },
  {
    "salesId": 6367,
    "region": "Europe",
    "country": "France",
    "itemType": "Household",
    "salesChannel": "Offline",
    "orderPriority": "H",
    "orderDate": "6/16/2013",
    "orderId": "366102063",
    "shipDate": "08-05-2013",
    "unitSold": null,
    "unitPrice": "668.27",
    "unitCost": "502.54",
    "totalRevenue": "4404567.57",
    "totalCost": "3312241.14",
    "totalProfit": "1092326.43"
  },
  {
    "salesId": 6368,
    "region": "Asia",
    "country": "South Korea",
    "itemType": "Clothes",
    "salesChannel": "Offline",
    "orderPriority": "C",
    "orderDate": "1/16/2012",
    "orderId": "865740096",
    "shipDate": "2/28/2012",
    "unitSold": null,
    "unitPrice": "109.28",
    "unitCost": "35.84",
    "totalRevenue": "64256.64",
    "totalCost": "21073.92",
    "totalProfit": "43182.72"
  },
  {
    "salesId": 78951,
    "region": "Australia and Oceania",
    "country": "New Zealand",
    "itemType": "Meat",
    "salesChannel": "Online",
    "orderPriority": "H",
    "orderDate": "06-02-2017",
    "orderId": "376597440",
    "shipDate": "6/13/2017",
    "unitSold": null,
    "unitPrice": "421.89",
    "unitCost": "364.69",
    "totalRevenue": "1015067.34",
    "totalCost": "877444.14",
    "totalProfit": "137623.2"
  }
]